
@article{murphy1999evaluation,
	title = {Evaluation of spatial sound description in virtual environments},
	copyright = {All rights reserved},
	journal = {Cambridge Music Processing Colloquium, Cambridge},
	author = {Murphy, David},
	year = {1999}
}


@article{Bouwmans20171,
author={Bouwmans, T. and Sobral, A. and Javed, S. and Jung, S.K. and Zahzah, E.-H.},
title={Decomposition into low-rank plus additive matrices for background/foreground separation: A review for a comparative evaluation with a large-scale dataset},
journal={Computer Science Review},
year={2017},
volume={23},
pages={1-71}
}

@book{book93,
  author    = {Peter Babington}, 
  title     = {The title of the work},
  publisher = {The name of the publisher},
  year      = 1993,
  volume    = 4,
  series    = 10,
  address   = {The address},
  edition   = 3,
  month     = 7,
  note      = {An optional note},
  isbn      = {3257227892}
}